@article{paper,
  author    = {Ji Ma and
               Kuzman Ganchev and
               David Weiss},
  title     = {State-of-the-art Chinese Word Segmentation with Bi-LSTMs},
  journal   = {CoRR},
  volume    = {abs/1808.06511},
  year      = {2018},
  url       = {http://arxiv.org/abs/1808.06511},
  archivePrefix = {arXiv},
  eprint    = {1808.06511},
  timestamp = {Sun, 02 Sep 2018 15:01:57 +0200},
  biburl    = {https://dblp.org/rec/bib/journals/corr/abs-1808-06511},
  bibsource = {dblp computer science bibliography, https://dblp.org}
}